@Article{bgk,
	title = {A model for collision processes in gases. I. Small Amplitude Processes in Charged and Neutral One-Component Systems.},
	author = {{P.L. Bhatnagar} {E.P. Gross} and M. Krook},
	journal = {Phys.Rev. 94,511-525},
	year = {1954}
}%[1] P.L. Bhatnagar, E.P. Gross, and M. Krook, \textit{A model for collision processes in gases. I. Small Amplitude Processes in Charged and Neutral One-Component Systems.} Phys.Rev. 94, 511-525 (1954)\\ [2mm]

